@Manual{R-base,
  title = {R: A Language and Environment for Statistical Computing},
  author = {{R Core Team}},
  organization = {R Foundation for Statistical Computing},
  address = {Vienna, Austria},
  year = {2022},
  url = {https://www.R-project.org/},
}

@Manual{R-bookdown,
  title = {bookdown: Authoring Books and Technical Documents with R Markdown},
  author = {Yihui Xie},
  year = {2022},
  note = {https://github.com/rstudio/bookdown},
}

@Manual{R-broom.mixed,
  title = {broom.mixed: Tidying Methods for Mixed Models},
  author = {Ben Bolker and David Robinson},
  year = {2022},
  note = {R package version 0.2.9.4},
  url = {https://github.com/bbolker/broom.mixed},
}

@Manual{R-circular,
  title = {circular: Circular Statistics},
  author = {Ulric Lund and Claudio Agostinelli and Hiroyoshi Arai and Alessando Gagliardi and Eduardo García-Portugués and Dimitri Giunchi and Jean-Olivier Irisson and Matthew Pocernich and Federico Rotolo},
  year = {2022},
  note = {R package version 0.4-95},
  url = {https://CRAN.R-project.org/package=circular},
}

@Manual{R-colorspace,
  title = {colorspace: A Toolbox for Manipulating and Assessing Colors and Palettes},
  author = {Ross Ihaka and Paul Murrell and Kurt Hornik and Jason C. Fisher and Reto Stauffer and Claus O. Wilke and Claire D. McWhite and Achim Zeileis},
  year = {2022},
  note = {R package version 2.0-3},
  url = {https://CRAN.R-project.org/package=colorspace},
}

@Manual{R-conflicted,
  title = {conflicted: An Alternative Conflict Resolution Strategy},
  author = {Hadley Wickham},
  year = {2022},
  note = {https://conflicted.r-lib.org/},
}

@Manual{R-DiagrammeR,
  title = {DiagrammeR: Graph/Network Visualization},
  author = {Richard Iannone},
  year = {2022},
  note = {R package version 1.0.9.9000},
  url = {https://github.com/rich-iannone/DiagrammeR},
}

@Manual{R-DiagrammeRsvg,
  title = {DiagrammeRsvg: Export DiagrammeR Graphviz Graphs as SVG},
  author = {Richard Iannone},
  year = {2016},
  note = {R package version 0.1},
  url = {https://github.com/rich-iannone/DiagrammeRsvg},
}

@Manual{R-dplyr,
  title = {dplyr: A Grammar of Data Manipulation},
  author = {Hadley Wickham and Romain François and Lionel Henry and Kirill Müller},
  year = {2022},
  note = {R package version 1.0.10},
  url = {https://CRAN.R-project.org/package=dplyr},
}

@Manual{R-forcats,
  title = {forcats: Tools for Working with Categorical Variables (Factors)},
  author = {Hadley Wickham},
  year = {2022},
  note = {R package version 0.5.2},
  url = {https://CRAN.R-project.org/package=forcats},
}

@Manual{R-ggplot2,
  title = {ggplot2: Create Elegant Data Visualisations Using the Grammar of Graphics},
  author = {Hadley Wickham and Winston Chang and Lionel Henry and Thomas Lin Pedersen and Kohske Takahashi and Claus Wilke and Kara Woo and Hiroaki Yutani and Dewey Dunnington},
  year = {2022},
  note = {https://ggplot2.tidyverse.org},
}

@Manual{R-ggprism,
  title = {ggprism: A ggplot2 Extension Inspired by GraphPad Prism},
  author = {Charlotte Dawson},
  year = {2022},
  note = {https://csdaw.github.io/ggprism/},
}

@Manual{R-ggrepel,
  title = {ggrepel: Automatically Position Non-Overlapping Text Labels with
ggplot2},
  author = {Kamil Slowikowski},
  year = {2022},
  note = {R package version 0.9.2},
  url = {https://github.com/slowkow/ggrepel},
}

@Manual{R-gridExtra,
  title = {gridExtra: Miscellaneous Functions for "Grid" Graphics},
  author = {Baptiste Auguie},
  year = {2017},
  note = {R package version 2.3},
  url = {https://CRAN.R-project.org/package=gridExtra},
}

@Manual{R-gsignal,
  title = {gsignal: Signal Processing},
  author = {Geert {van Boxtel} and Tom Short and Paul Kienzle},
  year = {2022},
  note = {R package version 0.3-6.9000},
  url = {https://github.com/gjmvanboxtel/gsignal},
}

@Manual{R-gtsummary,
  title = {gtsummary: Presentation-Ready Data Summary and Analytic Result Tables},
  author = {Daniel D. Sjoberg and Joseph Larmarange and Michael Curry and Jessica Lavery and Karissa Whiting and Emily C. Zabor},
  year = {2022},
  note = {https://github.com/ddsjoberg/gtsummary},
}

@Manual{R-kableExtra,
  title = {kableExtra: Construct Complex Table with kable and Pipe Syntax},
  author = {Hao Zhu},
  year = {2022},
  note = {http://haozhu233.github.io/kableExtra/},
}

@Manual{R-lme4,
  title = {lme4: Linear Mixed-Effects Models using Eigen and S4},
  author = {Douglas Bates and Martin Maechler and Ben Bolker and Steven Walker},
  year = {2022},
  note = {R package version 1.1-32},
  url = {https://github.com/lme4/lme4/},
}

@Manual{R-lubridate,
  title = {lubridate: Make Dealing with Dates a Little Easier},
  author = {Vitalie Spinu and Garrett Grolemund and Hadley Wickham},
  year = {2022},
  note = {R package version 1.9.0},
  url = {https://CRAN.R-project.org/package=lubridate},
}

@Manual{R-Matrix,
  title = {Matrix: Sparse and Dense Matrix Classes and Methods},
  author = {Douglas Bates and Martin Maechler and Mikael Jagan},
  year = {2022},
  note = {R package version 1.5-1},
  url = {https://CRAN.R-project.org/package=Matrix},
}

@Manual{R-mousetrap,
  title = {mousetrap: Process and Analyze Mouse-Tracking Data},
  author = {Pascal J. Kieslich and Dirk U. Wulff and Felix Henninger and Jonas M. B. Haslbeck},
  year = {2022},
  note = {R package version 3.2.1},
  url = {https://github.com/pascalkieslich/mousetrap},
}

@Manual{R-pracma,
  title = {pracma: Practical Numerical Math Functions},
  author = {Hans W. Borchers},
  year = {2022},
  note = {R package version 2.4.2},
  url = {https://CRAN.R-project.org/package=pracma},
}

@Manual{R-purrr,
  title = {purrr: Functional Programming Tools},
  author = {Hadley Wickham and Lionel Henry},
  year = {2022},
  note = {R package version 1.0.0},
  url = {https://CRAN.R-project.org/package=purrr},
}

@Manual{R-readr,
  title = {readr: Read Rectangular Text Data},
  author = {Hadley Wickham and Jim Hester and Jennifer Bryan},
  year = {2022},
  note = {R package version 2.1.3},
  url = {https://CRAN.R-project.org/package=readr},
}

@Manual{R-rsvg,
  title = {rsvg: Render SVG Images into PDF, PNG, (Encapsulated) PostScript, or
Bitmap Arrays},
  author = {Jeroen Ooms},
  year = {2022},
  note = {R package version 2.4.0},
  url = {https://CRAN.R-project.org/package=rsvg},
}

@Manual{R-rticles,
  title = {rticles: Article Formats for R Markdown},
  author = {JJ Allaire and Yihui Xie and Christophe Dervieux and {R Foundation} and Hadley Wickham and {Journal of Statistical Software} and Ramnath  Vaidyanathan and {Association for Computing Machinery} and Carl Boettiger and {Elsevier} and Karl Broman and Kirill Mueller and Bastiaan Quast and Randall  Pruim and Ben Marwick and Charlotte Wickham and Oliver Keyes and Miao Yu and Daniel Emaasit and Thierry Onkelinx and Alessandro Gasparini and Marc-Andre Desautels and Dominik Leutnant and {MDPI} and {Taylor and Francis} and Oğuzhan Öğreden and Dalton Hance and Daniel Nüst and Petter Uvesten and Elio Campitelli and John Muschelli and Alex Hayes and Zhian N. Kamvar and Noam Ross and Robrecht Cannoodt and Duncan Luguern and David M. Kaplan and Sebastian Kreutzer and Shixiang Wang and Jay Hesselberth and Rob Hyndman},
  year = {2022},
  note = {R package version 0.24},
  url = {https://github.com/rstudio/rticles},
}

@Manual{R-stringr,
  title = {stringr: Simple, Consistent Wrappers for Common String Operations},
  author = {Hadley Wickham},
  year = {2022},
  note = {R package version 1.5.0},
  url = {https://CRAN.R-project.org/package=stringr},
}

@Manual{R-tibble,
  title = {tibble: Simple Data Frames},
  author = {Kirill Müller and Hadley Wickham},
  year = {2022},
  note = {R package version 3.1.8},
  url = {https://CRAN.R-project.org/package=tibble},
}

@Manual{R-tidyr,
  title = {tidyr: Tidy Messy Data},
  author = {Hadley Wickham and Maximilian Girlich},
  year = {2022},
  note = {R package version 1.2.1},
  url = {https://CRAN.R-project.org/package=tidyr},
}

@Manual{R-tidyverse,
  title = {tidyverse: Easily Install and Load the Tidyverse},
  author = {Hadley Wickham},
  year = {2022},
  note = {https://tidyverse.tidyverse.org},
}

@Manual{R-timechange,
  title = {timechange: Efficient Manipulation of Date-Times},
  author = {Vitalie Spinu},
  year = {2022},
  note = {R package version 0.1.1},
  url = {https://github.com/vspinu/timechange/},
}

@Book{bookdown2016,
  title = {bookdown: Authoring Books and Technical Documents with {R} Markdown},
  author = {Yihui Xie},
  publisher = {Chapman and Hall/CRC},
  address = {Boca Raton, Florida},
  year = {2016},
  note = {ISBN 978-1138700109},
  url = {https://bookdown.org/yihui/bookdown},
}

@Manual{circular2022,
  title = {{R} package \texttt{circular}: Circular Statistics (version 0.4-95)},
  author = {C. Agostinelli and U. Lund},
  address = {CA: Department of Environmental Sciences, Informatics
and Statistics, Ca' Foscari University, Venice, Italy. UL: Department of Statistics, California Polytechnic State University, San Luis Obispo, California, USA},
  year = {2022},
  url = {https://r-forge.r-project.org/projects/circular/},
}

@Article{colorspace2020a,
  title = {{colorspace}: A Toolbox for Manipulating and Assessing Colors and Palettes},
  author = {Achim Zeileis and Jason C. Fisher and Kurt Hornik and Ross Ihaka and Claire D. McWhite and Paul Murrell and Reto Stauffer and Claus O. Wilke},
  journal = {Journal of Statistical Software},
  year = {2020},
  volume = {96},
  number = {1},
  pages = {1--49},
  doi = {10.18637/jss.v096.i01},
}

@Article{colorspace2009a,
  title = {Escaping {RGB}land: Selecting Colors for Statistical Graphics},
  author = {Achim Zeileis and Kurt Hornik and Paul Murrell},
  journal = {Computational Statistics \& Data Analysis},
  year = {2009},
  volume = {53},
  number = {9},
  pages = {3259--3270},
  doi = {10.1016/j.csda.2008.11.033},
}

@Article{colorspace2009b,
  title = {Somewhere over the Rainbow: How to Make Effective Use of Colors in Meteorological Visualizations},
  author = {Reto Stauffer and Georg J. Mayr and Markus Dabernig and Achim Zeileis},
  journal = {Bulletin of the American Meteorological Society},
  year = {2009},
  volume = {96},
  number = {2},
  pages = {203--216},
  doi = {10.1175/BAMS-D-13-00155.1},
}

@Book{ggplot22016,
  author = {Hadley Wickham},
  title = {ggplot2: Elegant Graphics for Data Analysis},
  publisher = {Springer-Verlag New York},
  year = {2016},
  isbn = {978-3-319-24277-4},
  url = {https://ggplot2.tidyverse.org},
}

@Manual{gsignal2021,
  title = {{gsignal}: Signal processing},
  author = {{Van Boxtel, G.J.M., et al.}},
  year = {2021},
  url = {https://github.com/gjmvanboxtel/gsignal},
}

@Article{gtsummary,
  author = {Daniel D. Sjoberg and Karissa Whiting and Michael Curry and Jessica A. Lavery and Joseph Larmarange},
  title = {Reproducible Summary Tables with the gtsummary Package},
  journal = {{The R Journal}},
  year = {2021},
  url = {https://doi.org/10.32614/RJ-2021-053},
  doi = {10.32614/RJ-2021-053},
  volume = {13},
  issue = {1},
  pages = {570-580},
}

@Article{lme42015,
  title = {Fitting Linear Mixed-Effects Models Using {lme4}},
  author = {Douglas Bates and Martin M{\"a}chler and Ben Bolker and Steve Walker},
  journal = {Journal of Statistical Software},
  year = {2015},
  volume = {67},
  number = {1},
  pages = {1--48},
  doi = {10.18637/jss.v067.i01},
}

@Article{lubridate2011,
  title = {Dates and Times Made Easy with {lubridate}},
  author = {Garrett Grolemund and Hadley Wickham},
  journal = {Journal of Statistical Software},
  year = {2011},
  volume = {40},
  number = {3},
  pages = {1--25},
  url = {https://www.jstatsoft.org/v40/i03/},
}

@Misc{mousetrap2021,
  title = {Movement tracking of cognitive processes: {A} tutorial using mousetrap},
  author = {Dirk U. Wulff and Pascal J. Kieslich and Felix Henninger and Jonas M. B. Haslbeck and Michael Schulte-Mecklenbeck},
  year = {2021},
  publisher = {PsyArXiv},
  url = {https://psyarxiv.com/v685r},
  doi = {10.31234/osf.io/v685r},
}

@Article{tidyverse2019,
  title = {Welcome to the {tidyverse}},
  author = {Hadley Wickham and Mara Averick and Jennifer Bryan and Winston Chang and Lucy D'Agostino McGowan and Romain François and Garrett Grolemund and Alex Hayes and Lionel Henry and Jim Hester and Max Kuhn and Thomas Lin Pedersen and Evan Miller and Stephan Milton Bache and Kirill Müller and Jeroen Ooms and David Robinson and Dana Paige Seidel and Vitalie Spinu and Kohske Takahashi and Davis Vaughan and Claus Wilke and Kara Woo and Hiroaki Yutani},
  year = {2019},
  journal = {Journal of Open Source Software},
  volume = {4},
  number = {43},
  pages = {1686},
  doi = {10.21105/joss.01686},
}

